<record><leader>00000cas a2200000 a 4500</leader><controlfield tag="001">14773378</controlfield><controlfield tag="008">861120d18641866inuwr ne      0    0eng d</controlfield><datafield ind1=" " ind2=" " tag="010"><subfield code="a">sn 86058984 </subfield></datafield><datafield ind1=" " ind2=" " tag="040"><subfield code="a">NPI</subfield><subfield code="b">eng</subfield><subfield code="c">NPI</subfield><subfield code="d">KNP</subfield><subfield code="d">OCL</subfield><subfield code="d">OCLCQ</subfield><subfield code="d">OCLCF</subfield><subfield code="d">OCLCO</subfield></datafield><datafield ind1=" " ind2=" " tag="042"><subfield code="a">msc</subfield></datafield><datafield ind1=" " ind2=" " tag="043"><subfield code="a">n-us-in</subfield></datafield><datafield ind1="0" ind2=" " tag="130"><subfield code="a">Delphi weekly journal (Delphi, Ind. : 1864)</subfield></datafield><datafield ind1="1" ind2="0" tag="245"><subfield code="a">Delphi weekly journal.</subfield></datafield><datafield ind1=" " ind2=" " tag="260"><subfield code="a">Delphi, Ind. :</subfield><subfield code="b">James B. Scott,</subfield><subfield code="c">1864-1866.</subfield></datafield><datafield ind1=" " ind2=" " tag="310"><subfield code="a">Weekly</subfield></datafield><datafield ind1="0" ind2=" " tag="362"><subfield code="a">Vol. 15, no. 1 (Dec. 7, 1864)-v. 16, no. 17 (Mar. 28, 1866).</subfield></datafield><datafield ind1=" " ind2="0" tag="651"><subfield code="a">Delphi (Ind.)</subfield><subfield code="v">Newspapers.</subfield></datafield><datafield ind1=" " ind2="7" tag="655"><subfield code="a">Newspapers.</subfield><subfield code="2">fast</subfield><subfield code="0">(OCoLC)fst01423814</subfield></datafield><datafield ind1=" " ind2="7" tag="651"><subfield code="a">Indiana</subfield><subfield code="z">Delphi.</subfield><subfield code="2">fast</subfield><subfield code="0">(OCoLC)fst01233432</subfield></datafield><datafield ind1=" " ind2=" " tag="752"><subfield code="a">United States</subfield><subfield code="b">Indiana</subfield><subfield code="c">Carroll</subfield><subfield code="d">Delphi.</subfield></datafield><datafield ind1="0" ind2="0" tag="780"><subfield code="t">Delphi journal (Delphi, Ind. : 1859)</subfield><subfield code="w">(DLC)sn 86058993</subfield></datafield><datafield ind1="0" ind2="0" tag="785"><subfield code="t">Delphi journal (Delphi, Ind. : 1866)</subfield><subfield code="w">(DLC)sn 84027337</subfield><subfield code="w">(OCoLC)11025842</subfield></datafield></record>